@article{FFGM,
        author = "Philippe Flajolet and Éric Fusy and Olivier Gandouet and Frédéric Meunier",
        title = "HyperLogLog: the analysis of a near-optimal cardinality estimation algorithm",
        journal = "Discrete Mathematics \& Theoretical Computer Science",
        volume = "DMTCS Proceedings vol. AH, 2007 Conference on Analysis of Algorithms (AofA 07)",
        year = "2007",
        url = "https://dmtcs.episciences.org/3545"
}

@article{CVM,
        author = "Chakraborty, Sourav and Vinodchandran, N. V. and Meel, Kuldeep S.",
        title = "Distinct Elements in Streams: An Algorithm for the (Text) Book",
        booktitle = "30th Annual European Symposium on Algorithms (ESA 2022)",
        publisher =	"Schloss Dagstuhl -- Leibniz-Zentrum f{\"u}r Informatik",
        address = "Dagstuhl, Germany",
        pages = "34:1--34:6",
        year = "2022",
        url = "https://drops.dagstuhl.de/entities/document/10.4230/LIPIcs.ESA.2022.34"
}